%% Created using Papers on Sun, 23 Sep 2012.
%% http://mekentosj.com/papers/

@article{Ferrari10,
author = {Ferrari, Raffaele and Griffies, Stephen M and Nurser, A J George and Vallis, Geoffrey K},
title = {{A boundary-value problem for the parameterized mesoscale eddy transport}},
journal = {Ocean Modelling},
year = {2010},
volume = {32},
number = {3-4},
pages = {143--156}
}

@article{GentMc90,
author = {Gent, Peter R. and McWilliams, James C.},
title = {{Isopycnal Mixing in Ocean Circulation Models}},
journal = {Journal of Physical Oceanography},
year = {1990},
volume = {20},
number = {1},
pages = {150--155}
}

@article{GWMMc95,
author = {Gent, Peter R. and Willebrand, Jurgen and McDougall, Trevor J. and McWilliams, James C.},
title = {{Parameterizing Eddy-Induced Tracer Transports in Ocean Circulation Models}},
journal = {Journal of Physical Oceanography},
year = {1995},
volume = {25},
number = {4},
pages = {463--474}
}

@article{Gent20,
author = {Gent, P.R.},
title = {{The Gent-McWilliams parameterization: 20/20 hindsight}},
journal = {Ocean Modelling},
year = {2011},
volume = {39},
number = {1-2},
pages = {2--9}
}

