mpas-land ice  bibliography file

These references are specifically for the mpas-land ice core.
See the mpas_shared.bib file for references pertaining to all cores.

%%%%%%%% mpas-land ice & external dycore papers %%%%%%%%%


@article{Perego2012,
author = {Perego, Mauro and Gunzburger, Max and Burkardt, John},
doi = {10.3189/2012JoG11J063},
file = {:Users/mhoffman/Documents/PAPERS\_PRESENTATIONS/ARTICLES\_Mendeley/Perego, Gunzburger, Burkardt - 2012 - Journal of Glaciology.pdf:pdf},
issn = {00221430},
journal = {Journal of Glaciology},
month = feb,
number = {207},
pages = {76--88},
title = {{Parallel finite-element implementation for higher-order ice-sheet models}},
url = {http://www.igsoc.org/journal/current/207/t11J063.pdf},
volume = {58},
year = {2012}
}

@article{Leng2012,
author = {Leng, Wei and Ju, Lili and Gunzburger, Max and Price, Stephen and Ringler, Todd},
doi = {10.1029/2011JF001962},
file = {:Users/mhoffman/Documents/PAPERS\_PRESENTATIONS/ARTICLES\_Mendeley/Leng et al. - 2012 - Journal of Geophysical Research.pdf:pdf},
journal = {Journal of Geophysical Research},
number = {January 2011},
pages = {F01001},
title = {{A parallel high-order accurate finite element nonlinear Stokes ice sheet model and benchmark experiments}},
volume = {117},
year = {2012}
}


@article{Shannon2013,
author = {Shannon, Sarah R and Payne, Antony J and Bartholomew, Ian D and Broeke, Michiel R Van Den and Edwards, Tamsin L and Sole, Andrew J and Wal, Roderik S W Van De and Zwinger, Thomas},
doi = {10.1073/pnas.1212647110},
file = {:Users/mhoffman/Documents/PAPERS\_PRESENTATIONS/ARTICLES\_Mendeley/Shannon et al. - 2013 - Proceedings of the National Academy of Sciences of the United States of America.pdf:pdf},
journal = {Proceedings of the National Academy of Sciences of the United States of America},
pages = {1--6},
title = {{Enhanced basal lubrication and the contribution of the Greenland ice sheet to future sea-level rise}},
year = {2013}
}

@article{Edwards2013b,
author = {Edwards, T. L. and Fettweis, X. and Gagliardini, O. and Gillet-Chaulet, F. and Goelzer, H. and Gregory, J. M. and Hoffman, M. and Huybrechts, P. and Payne, A. J. and Perego, M. and Price, S. and Quiquet, A. and Ritz., C.},
journal = {The Cryosphere Discussions},
pages = {675--708},
title = {{Effect of uncertainty in surface mass balance elevation feedback on projections of the future sea level contribution of the Greenland ice sheet - Part 2: Projections}},
volume = {7},
year = {2013}
}


%%%%%%%% Momentum Balance papers %%%%%%%%%

@book{Hutter1983,
address = {Tokyo},
author = {Hutter, K.},
editor = {Dordrecht, D.},
publisher = {Reidel Publishing Co., Terra Scientific Publishing Co.},
title = {{Theoretical glaciology; material science of ice and the mechanics of glaciers and ice sheets}},
year = {1983}
}



%%%%%%%% test cases %%%%%%%%%


@article{Halfar1983,
author = {Halfar, P},
file = {:Users/mhoffman/Documents/PAPERS\_PRESENTATIONS/ARTICLES\_Mendeley/Halfar - 1983 - Journal of Geophysical Research.pdf:pdf},
journal = {Journal of Geophysical Research},
number = {C10},
pages = {6043--6051},
title = {{On the Dynamics of the Ice Sheets 2}},
volume = {88},
year = {1983}
}

@article{Huybrechts1996,
author = {Huybrechts, Philippe and Payne, Tony and Group, The EISMINT Intercomparison},
file = {:Users/mhoffman/Documents/PAPERS\_PRESENTATIONS/ARTICLES\_Mendeley/Huybrechts, Payne, Group - 1996 - Annals of Glaciology.pdf:pdf},
journal = {Annals of Glaciology},
pages = {1--12},
title = {{The EISMINT benchmarks for testing ice-sheet models}},
volume = {23},
year = {1996}
}

@article{Leng2013,
author = {Leng, W. and Ju, L. and Gunzburger, M. and Price, S.},
doi = {10.5194/tc-7-19-2013},
file = {:Users/mhoffman/Documents/PAPERS\_PRESENTATIONS/ARTICLES\_Mendeley/Leng et al. - 2013 - The Cryosphere.pdf:pdf},
issn = {1994-0424},
journal = {The Cryosphere},
month = jan,
number = {1},
pages = {19--29},
title = {{Manufactured solutions and the verification of three-dimensional Stokes ice-sheet models}},
url = {http://www.the-cryosphere.net/7/19/2013/},
volume = {7},
year = {2013}
}

@article{Bueler2005,
author = {Bueler, Ed and Lingle, Craig S. and Kallen-Brown, Jed a. and Covey, David N. and Bowman, Latrice N.},
doi = {10.3189/172756505781829449},
file = {:Users/mhoffman/Documents/PAPERS\_PRESENTATIONS/ARTICLES\_Mendeley/Bueler et al. - 2005 - Journal of Glaciology.pdf:pdf},
issn = {00221430},
journal = {Journal of Glaciology},
month = mar,
number = {173},
pages = {291--306},
title = {{Exact solutions and verification of numerical models for isothermal ice sheets}},
url = {http://openurl.ingenta.com/content/xref?genre=article\&issn=0022-1430\&volume=51\&issue=173\&spage=291},
volume = {51},
year = {2005}
}


%%%%%%%% time integration %%%%%



%%% advection %%%

@article{Zalesak:1979wm,
author = {Zalesak, ST},
title = {{Fully multidimensional flux-corrected transport algorithms for fluids}},
journal = {Journal of Computational Physics},
year = {1979},
volume = {31},
number = {3},
pages = {335--362}
}




%%% reference textbooks %%%


@book{Paterson1994,
address = {Oxford},
author = {Paterson, W S B},
edition = {4th},
keywords = {icemelt},
mendeley-groups = {Icemelt-PhD},
mendeley-tags = {icemelt},
pages = {480},
publisher = {Pergamon Press},
title = {{The physics of glaciers}},
year = {1994}
}



