

@ARTICLE{Jenkins_ea10ngeo,
   author = {{Jenkins}, A. and {Dutrieux}, P. and {Jacobs}, S.~S. and {McPhail}, S.~D. and 
	{Perrett}, J.~R. and {Webb}, A.~T. and {White}, D.},
    title = "{Observations beneath Pine Island Glacier in West Antarctica and implications for its retreat}",
  journal = {Nature Geoscience},
     year = 2010,
    month = jul,
   volume = 3,
    pages = {468-472},
      doi = {10.1038/ngeo890},
   adsurl = {http://adsabs.harvard.edu/abs/2010NatGe...3..468J},
  adsnote = {Provided by the SAO/NASA Astrophysics Data System}
}
