%% Created using Papers on Tue, 24 Jan 2012.
%% http://mekentosj.com/papers/

@article{Ringler:2010ta,
author = {Ringler, TD and Thuburn, J and Klemp, JB and Skamarock, WC},
title = {{A unified approach to energy conservation and potential vorticity dynamics for arbitrarily-structured C-grids}},
journal = {Journal of Computational Physics},
year = {2010},
volume = {229},
number = {9},
pages = {3065--3090}
}

@article{Adcroft:2004tv,
author = {Adcroft, A and Campin, JM},
title = {{Rescaled height coordinates for accurate representation of free-surface flows in ocean circulation models}},
journal = {Ocean Modelling},
year = {2004},
volume = {7},
number = {3-4},
pages = {269--284}
}

@article{Campin:2004wj,
author = {Campin, JM and Adcroft, A and Hill, C and Marshall, J},
title = {{Conservation of properties in a free-surface model}},
journal = {Ocean Modelling},
year = {2004},
volume = {6},
number = {3-4},
pages = {221--244}
}

@article{Ringler:2008vg,
author = {Ringler, TD and Gunzburger, M},
title = {{A multi-resolution method for climate system modeling: application of Spherical Centroidal A multi-resolution method for climate system modeling: Application of {\ldots}}},
year = {2008}
}

@article{Ringler:2011ih,
author = {Ringler, Todd D and Jacobsen, Doug and Gunzburger, Max and Ju, Lili and Duda, Michael and Skamarock, William},
title = {{Exploring a Multiresolution Modeling Approach within the Shallow-Water Equations}},
journal = {Monthly Weather Review},
year = {2011},
volume = {139},
number = {11},
pages = {3348--3368},
month = nov
}

@article{Thuburn:2009tb,
author = {Thuburn, J and Ringler, TD and Skamarock, WC and Klemp, JB},
title = {{Numerical representation of geostrophic modes on arbitrarily structured C-grids}},
journal = {Journal of Computational Physics},
year = {2009},
volume = {228},
number = {22},
pages = {8321--8335}
}

@ARTICLE{Leclair_Madec11om,
   author = {{Leclair}, M. and {Madec}, G.},
    title = "{-Coordinate, an Arbitrary Lagrangian-Eulerian coordinate separating high and low frequency motions}",
  journal = {Ocean Modelling},
     year = 2011,
   volume = 37,
    pages = {139-152},
      doi = {10.1016/j.ocemod.2011.02.001},
   adsurl = {http://adsabs.harvard.edu/abs/2011OcMod..37..139L},
  adsnote = {Provided by the SAO/NASA Astrophysics Data System}
}

@ARTICLE{Higdon06xacta,
   author = {{Higdon}, R.~L.},
    title = "{Numerical modelling of ocean circulation}",
  journal = {Acta Numerica},
     year = 2006,
   volume = 15,
    pages = {385-407}}
http://www.math.oregonstate.edu/~higdon/ocean/higdon_acta2006.pdf
R. L. Higdon, Numerical modelling of ocean circulation (PDF, 3.3 Mb), Acta Numerica 2006, pp. 385-470. Acta Numerica is an annual volume, published by Cambridge University Press, that contains invited surveys on topics in numerical analysis and scientific computing. 

p 401-402 gives the formulation of Mont Potential I used in mpas.


@article{Ringler_ea13om,
title = "A multi-resolution approach to global ocean modeling ",
journal = "Ocean Modelling ",
volume = "",
number = "0",
pages = " - ",
year = "2013",
note = "",
issn = "1463-5003",
doi = "http://dx.doi.org/10.1016/j.ocemod.2013.04.010",
url = "http://www.sciencedirect.com/science/article/pii/S1463500313000760",
author = "Todd Ringler and Mark Petersen and Robert L. Higdon and Doug Jacobsen and Philip W. Jones and Mathew Maltrud",
}

@ARTICLE{Shchepetkin_McWilliams03jgr,
   author = {{Shchepetkin}, A.~F. and {McWilliams}, J.~C.},
    title = "{A method for computing horizontal pressure-gradient force in an oceanic model with a nonaligned vertical coordinate}",
  journal = {Journal of Geophysical Research (Oceans)},
 keywords = {Oceanography: General: Numerical modeling, Oceanography: Physical: Fronts and jets, Oceanography: General: Physical and chemical properties of seawater, Oceanography: Physical: General circulation,, sigma-coordinate pressure-gradient error, compressibility of seawater, high-order, monotonic interpolation, adiabatic differencing},
     year = 2003,
    month = mar,
   volume = 108,
      eid = {3090},
    pages = {3090},
      doi = {10.1029/2001JC001047},
   adsurl = {http://adsabs.harvard.edu/abs/2003JGRC..108.3090S},
  adsnote = {Provided by the SAO/NASA Astrophysics Data System}
}

@ARTICLE{Ilicak_ea12om,
   author = {{Ilicak}, M. and {Adcroft}, A.~J. and {Griffies}, S.~M. and 
	{Hallberg}, R.~W.},
    title = "{Spurious dianeutral mixing and the role of momentum closure}",
  journal = {Ocean Modelling},
     year = 2012,
   volume = 45,
    pages = {37-58},
      doi = {10.1016/j.ocemod.2011.10.003},
   adsurl = {http://adsabs.harvard.edu/abs/2012OcMod..45...37I},
  adsnote = {Provided by the SAO/NASA Astrophysics Data System}
}
