%% Created using Papers on Tue, 24 Jan 2012.
%% http://mekentosj.com/papers/

@article{Ringler:2010ta,
author = {Ringler, TD and Thuburn, J and Klemp, JB and Skamarock, WC},
title = {{A unified approach to energy conservation and potential vorticity dynamics for arbitrarily-structured C-grids}},
journal = {Journal of Computational Physics},
year = {2010},
volume = {229},
number = {9},
pages = {3065--3090}
}

@article{Adcroft:2004tv,
author = {Adcroft, A and Campin, JM},
title = {{Rescaled height coordinates for accurate representation of free-surface flows in ocean circulation models}},
journal = {Ocean Modelling},
year = {2004},
volume = {7},
number = {3-4},
pages = {269--284}
}

@article{Campin:2004wj,
author = {Campin, JM and Adcroft, A and Hill, C and Marshall, J},
title = {{Conservation of properties in a free-surface model}},
journal = {Ocean Modelling},
year = {2004},
volume = {6},
number = {3-4},
pages = {221--244}
}

@article{Ringler:2008vg,
author = {Ringler, TD and Gunzburger, M},
title = {{A multi-resolution method for climate system modeling: application of Spherical Centroidal A multi-resolution method for climate system modeling: Application of {\ldots}}},
year = {2008}
}

@article{Ringler:2011ih,
author = {Ringler, Todd D and Jacobsen, Doug and Gunzburger, Max and Ju, Lili and Duda, Michael and Skamarock, William},
title = {{Exploring a Multiresolution Modeling Approach within the Shallow-Water Equations}},
journal = {Monthly Weather Review},
year = {2011},
volume = {139},
number = {11},
pages = {3348--3368},
month = nov
}

@article{Thuburn:2009tb,
author = {Thuburn, J and Ringler, TD and Skamarock, WC and Klemp, JB},
title = {{Numerical representation of geostrophic modes on arbitrarily structured C-grids}},
journal = {Journal of Computational Physics},
year = {2009},
volume = {228},
number = {22},
pages = {8321--8335}
}

@article{Leclair:2011ud,
author = {Leclair, M},
title = {{-coordinate, an Arbitrary Lagrangian-Eulerian coordinate separating high and low frequency motions}},
journal = {Ocean Modelling},
year = {2011}
}

@ARTICLE{Higdon06xacta,
   author = {{Higdon}, R.~L.},
    title = "{Numerical modelling of ocean circulation}",
  journal = {Acta Numerica},
     year = 2006,
   volume = 15,
    pages = {385-407}}
http://www.math.oregonstate.edu/~higdon/ocean/higdon_acta2006.pdf
R. L. Higdon, Numerical modelling of ocean circulation (PDF, 3.3 Mb), Acta Numerica 2006, pp. 385-470. Acta Numerica is an annual volume, published by Cambridge University Press, that contains invited surveys on topics in numerical analysis and scientific computing. 

p 401-402 gives the formulation of Mont Potential I used in mpas.

