
@ARTICLE{Ringler_ea10jcp,
   author = {{Ringler}, T.~D. and {Thuburn}, J. and {Klemp}, J.~B. and {Skamarock}, W.~C.
	},
    title = "{A unified approach to energy conservation and potential vorticity dynamics for arbitrarily-structured C-grids}",
  journal = {J. Comp. Physics},
     year = 2010,
    month = may,
   volume = 229,
    pages = {3065-3090},
      doi = {10.1016/j.jcp.2009.12.007},
   adsurl = {http://adsabs.harvard.edu/abs/2010JCoPh.229.3065R},
  adsnote = {Provided by the SAO/NASA Astrophysics Data System}
}


@techreport{CICE_manual_4.1,
   author = {{Hunke}, E.~C. and {Lipscomb}, W.~H.},
    title = "{CICE: the Los Alamos Sea Ice Model Documentation and Software User's Manual, Version 4.1}",
   institution = {Los Alamos National Laboratory},
     year = 2010,
     month = "May"
}

@unpublished{Ringler06unpub,
   author = {{Ringler}, T.~D.},
    title = "{Conservation of energy in viscous systems}",
   institution = {Los Alamos National Laboratory},
     year = 2006,
     month = "June",
note = "unpublished"
}

@book{Kundu_ea12bk,
author="P. K. Kundu and I. M. Cohen and D. R. Dowling",
title="Fluid Mechanics",
year=2012,
edition="Fifth",
publisher="Academic Press"}

@book{Batchelor67book,
author="G. K. Batchelor",
title="An Introduction to Fluid Mechanics",
year=1967,
publisher="Cambridge University Press"}

@ARTICLE{Hunke_Dukowicz02mwr,
   author = {{Hunke}, E.~C. and {Dukowicz}, J.~K.},
    title = "{The Elastic Viscous Plastic Sea Ice Dynamics Model in General Orthogonal Curvilinear Coordinates on a Sphere--Incorporation of Metric Terms}",
  journal = {Monthly Weather Review},
     year = 2002,
   volume = 130,
    pages = {1848},
      doi = {10.1175/1520-0493(2002)130<1848:TEVPSI>2.0.CO;2},
   adsurl = {http://adsabs.harvard.edu/abs/2002MWRv..130.1848H},
  adsnote = {Provided by the SAO/NASA Astrophysics Data System}
}
