mpas shared bibliography file

These references should apply to all mpas cores.

%%%%%%%% mpas grid %%%%%%%%%

@ARTICLE{Thurburn_ea09jcp,
   author = {{Thuburn}, J. and {Ringler}, T.~D. and {Skamarock}, W.~C. and 
	{Klemp}, J.~B.},
    title = "{Numerical representation of geostrophic modes on arbitrarily structured C-grids}",
  journal = {Journal of Computational Physics},
     year = 2009,
    month = dec,
   volume = 228,
    pages = {8321-8335},
      doi = {10.1016/j.jcp.2009.08.006},
   adsurl = {http://adsabs.harvard.edu/abs/2009JCoPh.228.8321T},
  adsnote = {Provided by the SAO/NASA Astrophysics Data System}
}

@ARTICLE{Ringler_ea10jcp,
   author = {{Ringler}, T.~D. and {Thuburn}, J. and {Klemp}, J.~B. and {Skamarock}, W.~C.
	},
    title = "{A unified approach to energy conservation and potential vorticity dynamics for arbitrarily-structured C-grids}",
  journal = {J. Comp. Physics},
     year = 2010,
    month = may,
   volume = 229,
    pages = {3065-3090},
      doi = {10.1016/j.jcp.2009.12.007},
   adsurl = {http://adsabs.harvard.edu/abs/2010JCoPh.229.3065R},
  adsnote = {Provided by the SAO/NASA Astrophysics Data System}
}

@ARTICLE{Ringler_ea08od,
   author = {{Ringler}, T. and {Ju}, L. and {Gunzburger}, M.},
    title = "{A multiresolution method for climate system modeling: application of spherical centroidal Voronoi tessellations}",
  journal = {Ocean Dynamics},
 keywords = {Voronoi diagram, Delaunay triangulation, Climate modeling, Multiresolution},
     year = 2008,
    month = dec,
   volume = 58,
    pages = {475-498},
      doi = {10.1007/s10236-008-0157-2},
   adsurl = {http://adsabs.harvard.edu/abs/2008OcDyn..58..475R},
  adsnote = {Provided by the SAO/NASA Astrophysics Data System}
}

@article{Du:1999un,
author = {Du, Q and Gunzburger, M},
title = {{Centroidal Voronoi tessellations: applications and algorithms}},
journal = {SIAM review},
year = {1999},
volume = {41},
number = {4},
pages = {637--676}
}

@book{OBSC2000,
author = {Okabe, A and Boots, B and Sugihara, K and Chiu, S},
title = {{Spatial Tessellations: Concepts and Applications of Voronoi Diagrams}},
publisher = {Wiley},
year = {2009}
}

@article{Ju:2010vi,
author = {Ju, L and Ringler, T and Gunzburger, M},
title = {{Voronoi Tessellations and their Application to Climate and Global Modeling}},
journal = {Numerical Techniques for Global Atmospheric Models,
Springer Lecture Notes in Computational Science and Engineering,
Eds. P. H. Lauritzen, C. Jablonowski, M. A. Taylor and
R. D. Nair},
year = {2010},
pages = {1--30}
}

@ARTICLE{Ringler_Randall02mwr,
   author = {{Ringler}, T.~D. and {Randall}, D.~A.},
    title = "{A Potential Enstrophy and Energy Conserving Numerical Scheme for Solution of the Shallow-Water Equations on a Geodesic Grid}",
  journal = {Monthly Weather Review},
     year = 2002,
   volume = 130,
    pages = {1397-+},
      doi = {10.1175/1520-0493(2002)130<1397:APEAEC>2.0.CO;2},
   adsurl = {http://adsabs.harvard.edu/abs/2002MWRv..130.1397R},
  adsnote = {Provided by the SAO/NASA Astrophysics Data System}
}


%%%%%%%% advection schemes %%%%%%%%%

@ARTICLE{Miura07mwr,
   author = {{Miura}, H.},
    title = "{An Upwind-Biased Conservative Advection Scheme for Spherical Hexagonal Pentagonal Grids}",
  journal = {Monthly Weather Review},
     year = 2007,
   volume = 135,
    pages = {4038},
      doi = {10.1175/2007MWR2101.1},
   adsurl = {http://adsabs.harvard.edu/abs/2007MWRv..135.4038M},
  adsnote = {Provided by the SAO/NASA Astrophysics Data System}
}

@article{Skamarock:2011tc,
author = {Skamarock, W.C. and Gassmann, A.},
title = {{Conservative Transport Schemes for Spherical Geodesic Grids: High-Order Flux Operators for ODE-Based Time Integration}},
journal = {Monthly Weather Review},
year = {2011},
volume = {139},
number = {9},
pages = {2962--2975}
}
