
@ARTICLE{Ringler_ea10jcp,
   author = {{Ringler}, T.~D. and {Thuburn}, J. and {Klemp}, J.~B. and {Skamarock}, W.~C.
	},
    title = "{A unified approach to energy conservation and potential vorticity dynamics for arbitrarily-structured C-grids}",
  journal = {J. Comp. Physics},
     year = 2010,
    month = may,
   volume = 229,
    pages = {3065-3090},
      doi = {10.1016/j.jcp.2009.12.007},
   adsurl = {http://adsabs.harvard.edu/abs/2010JCoPh.229.3065R},
  adsnote = {Provided by the SAO/NASA Astrophysics Data System}
}


@techreport{CICE_manual_4.1,
   author = {{Hunke}, E.~C. and {Lipscomb}, W.~H.},
    title = "{CICE: the Los Alamos Sea Ice Model Documentation and Software User's Manual, Version 4.1}",
   institution = {Los Alamos National Laboratory},
     year = 2010,
     month = "May"
}

@unpublished{Ringler06unpub,
   author = {{Ringler}, T.~D.},
    title = "{Conservation of energy in viscous systems}",
   institution = {Los Alamos National Laboratory},
     year = 2006,
     month = "June",
note = "unpublished"
}
