

@ARTICLE{Jenkins_ea10ngeo,
   author = {{Jenkins}, A. and {Dutrieux}, P. and {Jacobs}, S.~S. and {McPhail}, S.~D. and 
	{Perrett}, J.~R. and {Webb}, A.~T. and {White}, D.},
    title = "{Observations beneath Pine Island Glacier in West Antarctica and implications for its retreat}",
  journal = {Nature Geoscience},
     year = 2010,
    month = jul,
   volume = 3,
    pages = {468-472},
      doi = {10.1038/ngeo890},
   adsurl = {http://adsabs.harvard.edu/abs/2010NatGe...3..468J},
  adsnote = {Provided by the SAO/NASA Astrophysics Data System}
}

@ARTICLE{Shchepetkin_McWilliams03jgr,
   author = {{Shchepetkin}, A.~F. and {McWilliams}, J.~C.},
    title = "{A method for computing horizontal pressure-gradient force in an oceanic model with a nonaligned vertical coordinate}",
  journal = {Journal of Geophysical Research (Oceans)},
 keywords = {Oceanography: General: Numerical modeling, Oceanography: Physical: Fronts and jets, Oceanography: General: Physical and chemical properties of seawater, Oceanography: Physical: General circulation,, sigma-coordinate pressure-gradient error, compressibility of seawater, high-order, monotonic interpolation, adiabatic differencing},
     year = 2003,
    month = mar,
   volume = 108,
      eid = {3090},
    pages = {3090},
      doi = {10.1029/2001JC001047},
   adsurl = {http://adsabs.harvard.edu/abs/2003JGRC..108.3090S},
  adsnote = {Provided by the SAO/NASA Astrophysics Data System}
}

@ARTICLE{Song98mwr,
   author = {{Song}, Y.~T.},
    title = "{A General Pressure Gradient Formulation for Ocean Models. Part I: Scheme Design and Diagnostic Analysis}",
  journal = {Monthly Weather Review},
     year = 1998,
   volume = 126,
    pages = {3213},
      doi = {10.1175/1520-0493(1998)126<3213:AGPGFF>2.0.CO;2},
   adsurl = {http://adsabs.harvard.edu/abs/1998MWRv..126.3213S},
  adsnote = {Provided by the SAO/NASA Astrophysics Data System}
}

@article{Ringler_ea13om,
title = "A multi-resolution approach to global ocean modeling",
journal = "Ocean Modelling ",
volume = "69",
number = "0",
pages = "211-232",
year = "2013",
note = "",
issn = "1463-5003",
doi = "http://dx.doi.org/10.1016/j.ocemod.2013.04.010",
url = "http://www.sciencedirect.com/science/article/pii/S1463500313000760",
author = "T.D. Ringler and M.R. Petersen and R.L. Higdon and D.W. Jacobsen and P.W. Jones and M.E. Maltrud",
}


@ARTICLE{Skamarock_Gassmann11jcp,
   author = {{Skamarock}, W.~C. and {Gassmann}, A.},
    title = "{Conservative Transport Schemes for Spherical Geodesic Grids: High-Order Flux Operators for ODE-Based Time Integration}",
  journal = {Monthly Weather Review},
     year = 2011,
    month = sep,
   volume = 139,
    pages = {2962-2975},
      doi = {10.1175/MWR-D-10-05056.1},
   adsurl = {http://adsabs.harvard.edu/abs/2011MWRv..139.2962S},
  adsnote = {Provided by the SAO/NASA Astrophysics Data System}
}

@ARTICLE{Jackett_McDougall95jaot,
   author = {{Jackett}, D.~R. and {McDougall}, T.~J.},
    title = "{Minimal Adjustment of Hydrographic Profiles to Achieve Static Stability}",
  journal = {Journal of Atmospheric and Oceanic Technology},
     year = 1995,
    month = apr,
   volume = 12,
    pages = {381},
      doi = {10.1175/1520-0426(1995)012<0381:MAOHPT>2.0.CO;2},
   adsurl = {http://adsabs.harvard.edu/abs/1995JAtOT..12..381J},
  adsnote = {Provided by the SAO/NASA Astrophysics Data System}
}
