% velocity solver section
@incollection{Arakawa77,
title = {{Computational design of the basic dynamical processes of the UCLA General Circulation Model}},
editor = "Julius Chang",
series = "Methods in Computational Physics: Advances in Research and Applications",
publisher = "Elsevier",
volume = "17",
pages = "173--265",
year = "1977",
booktitle = "General Circulation Models of the Atmosphere",
issn = "0076-6860",
doi = "10.1016/B978-0-12-460817-7.50009-4",
url = "http://www.sciencedirect.com/science/article/pii/B9780124608177500094",
author = "Akio Arakawa and Vivian R. Lamb"
}

@article{Hibler79,
author = { W. D.  {Hibler  III} },
title = {{A dynamic thermodynamic sea ice model}},
journal = {Journal of Physical Oceanography},
volume = {9},
number = {4},
pages = {815-846},
year = {1979},
doi = {10.1175/1520-0485(1979)009<0815:ADTSIM>2.0.CO;2},
}

@article{Hunke97,
author = { E. C.  Hunke  and  J. K.  Dukowicz },
title = {{An elastic-viscous-plastic model for sea ice dynamics}},
journal = {Journal of Physical Oceanography},
volume = {27},
number = {9},
pages = {1849--1867},
year = {1997},
doi = {10.1175/1520-0485(1997)027<1849:AEVPMF>2.0.CO;2},
}

@article{Hunke02,
author = { Elizabeth C.  Hunke  and  John K.  Dukowicz },
title = {{The elastic-viscous-plastic sea ice dynamics model in general orthogonal curvilinear coordinates on a sphere -- Incorporation of metric terms}},
journal = {Monthly Weather Review},
volume = {130},
number = {7},
pages = {1848--1865},
year = {2002},
doi = {10.1175/1520-0493(2002)130<1848:TEVPSI>2.0.CO;2},
}

@book{Batchelor67,
  author    = {G. K. Batchelor}, 
  title     = {{An introduction to fluid dynamics}},
  publisher = {Cambridge University Press},
  year      = 1967,
  isbn      = {978-0-521-66396-0}
}

@article{Dasgupta03,
  author  = {Dasgupta, G.}, 
  title   = {{Interpolants within convex polygons: Wachpress' shape functions}},
  journal = {J. Aerospac. Eng.},
  year    = 2003,
  pages   = {1--8},
  volume  = 16,
  doi     = {10.1061/(ASCE)0893-1321(2003)16:1(1)}
}

@article {Dunavant85,
author = {Dunavant, D. A.},
title = {{High degree efficient symmetrical Gaussian quadrature rules for the triangle}},
journal = {International Journal for Numerical Methods in Engineering},
volume = {21},
number = {6},
publisher = {John Wiley & Sons, Ltd},
issn = {1097-0207},
url = {http://dx.doi.org/10.1002/nme.1620210612},
doi = {10.1002/nme.1620210612},
pages = {1129--1148},
year = {1985},
}

@article{Bailey08,
title = {{A piecewise linear finite element discretization of the diffusion equation for arbitrary polyhedral grids}},
journal = "Journal of Computational Physics",
volume = "227",
number = "8",
pages = "3738--3757",
year = "2008",
issn = "0021-9991",
doi = "https://doi.org/10.1016/j.jcp.2007.11.026",
url = "http://www.sciencedirect.com/science/article/pii/S0021999107005050",
author = "Teresa S. Bailey and Marvin L. Adams and Brian Yang and Michael R. Zika",
keywords = "Diffusion, Arbitrary polyhedral grids, Piecewise linear, Finite element, Finite-volume, Unstructured grids, Adaptive mesh refinement"
}

% transport section
@article{Dukowicz00,
title = {{Incremental remapping as a transport/advection algorithm}},
journal = "Journal of Computational Physics",
volume = "160",
number = "1",
pages = "318--335",
year = "2000",
issn = "0021-9991",
doi = "10.1006/jcph.2000.6465",
url = "http://www.sciencedirect.com/science/article/pii/S0021999100964659",
author = "John K. Dukowicz and John R. Baumgardner"
}

@article{Lipscomb04,
author = { William H.  Lipscomb  and  Elizabeth C.  Hunke },
title = {{Modeling sea ice transport using incremental remapping}},
journal = {Monthly Weather Review},
volume = {132},
number = {6},
pages = {1341--1354},
year = {2004},
doi = {10.1175/1520-0493(2004)132<1341:MSITUI>2.0.CO;2},
}

@article{Lipscomb05,
author = { William H.  Lipscomb  and  Todd D.  Ringler },
title = {{An incremental remapping transport scheme on a spherical geodesic grid}},
journal = {Monthly Weather Review},
volume = {133},
number = {8},
pages = {2335--2350},
year = {2005},
doi = {10.1175/MWR2983.1},
}

@techreport{Hunke15,
  author       = {Hunke, E. C. and Lipscomb, W. H. and Turner, A. K. and Jeffery, N. and Elliott, S.}, 
  title        = {{CICE: the Los Alamos sea ice model documentation and software user's manual version 5.1}},
  institution  = {Los Alamos National Laboratory},
  year         = 2015,
}

@article{vanLeer79,
title = {{Towards the ultimate conservative difference scheme. V. A second-order sequel to Godunov's method}},
journal = "Journal of Computational Physics",
volume = "32",
number = "1",
pages = "101--136",
year = "1979",
issn = "0021-9991",
doi = "10.1016/0021-9991(79)90145-1",
url = "http://www.sciencedirect.com/science/article/pii/0021999179901451",
author = "Bram van Leer"
}

% column physics
@article {Turner13,
author = {Turner, Adrian K. and Hunke, Elizabeth C. and Bitz, Cecilia M.},
title = {{Two modes of sea-ice gravity drainage: A parameterization for large-scale modeling}},
journal = {Journal of Geophysical Research: Oceans},
volume = {118},
number = {5},
issn = {2169-9291},
url = {http://dx.doi.org/10.1002/jgrc.20171},
doi = {10.1002/jgrc.20171},
pages = {2279--2294},
keywords = {Sea ice, Thermodynamics, Modeling, sea ice, brine drainage},
year = {2013},
}

@article {Turner15,
author = {Turner, Adrian K. and Hunke, Elizabeth C.},
title = {{Impacts of a mushy-layer thermodynamic approach in global sea-ice simulations using the CICE sea-ice model}},
journal = {Journal of Geophysical Research: Oceans},
volume = {120},
number = {2},
issn = {2169-9291},
url = {http://dx.doi.org/10.1002/2014JC010358},
doi = {10.1002/2014JC010358},
pages = {1253--1275},
keywords = {Thermodynamics, Sea ice, Modeling, Arctic and Antarctic oceanography, sea ice, gravity drainage, sea-ice salinity, snow-ice formation, melt pond flushing},
year = {2015},
}

@article {BL99,
author = {Bitz, C. M. and Lipscomb, William H.},
title = {{An energy-conserving thermodynamic model of sea ice}},
journal = {Journal of Geophysical Research: Oceans},
volume = {104},
number = {C7},
issn = {2156-2202},
url = {http://dx.doi.org/10.1029/1999JC900100},
doi = {10.1029/1999JC900100},
pages = {15669--15677},
keywords = {Descriptive and regional oceanography, Eddies and mesoscale processes},
year = {1999},
}

@article {Flocco10,
author = {Flocco, Daniela and Feltham, Daniel L. and Turner, Adrian K.},
title = {{Incorporation of a physically based melt pond scheme into the sea ice component of a climate model}},
journal = {Journal of Geophysical Research: Oceans},
volume = {115},
number = {C8},
issn = {2156-2202},
url = {http://dx.doi.org/10.1029/2009JC005568},
doi = {10.1029/2009JC005568},
keywords = {Ponds, Sea ice, Modeling, Arctic melt ponds, sea ice, albedo, Global Climate Model},
year = {2010},
note = {{C08012}},
}

@article{Holland12,
author = {Marika M. Holland and David A. Bailey and Bruce P. Briegleb and Bonnie Light and Elizabeth Hunke},
title = {{Improved sea ice shortwave radiation physics in CCSM4: The impact of melt ponds and aerosols on arctic sea ice}},
journal = {Journal of Climate},
volume = {25},
number = {5},
pages = {1413-1430},
year = {2012},
doi = {10.1175/JCLI-D-11-00078.1},
}

@article{Hunke13,
title = {{Level-ice melt ponds in the Los Alamos sea ice model, CICE}},
journal = "Ocean Modelling",
volume = "71",
pages = "26--42",
year = "2013",
issn = "1463-5003",
doi = "10.1016/j.ocemod.2012.11.008",
url = "http://www.sciencedirect.com/science/article/pii/S1463500312001680",
author = "Elizabeth C. Hunke and David A. Hebert and Olivier Lecomte",
keywords = "Sea ice, Albedo, Melt ponds, Ridging, Modeling, Arctic"
}

@techreport{Briegleb07,
  author       = {Briegleb, B. P. and Light, B.}, 
  title        = {{A Delta-Eddington multiple scattering parameterization for solar radiation in the sea ice component of the Community Climate System Model}},
  institution  = {National Center for Atmospheric Research},
  year         = 2007,
  number       = {NCAR/TN-472+STR},
  address      = {Boulder, Colorado USA.}
}

@article {Lipscomb01,
author = {Lipscomb, William H.},
title = {{Remapping the thickness distribution in sea ice models}},
journal = {Journal of Geophysical Research: Oceans},
volume = {106},
number = {C7},
issn = {2156-2202},
url = {http://dx.doi.org/10.1029/2000JC000518},
doi = {10.1029/2000JC000518},
pages = {13989--14000},
keywords = {Snow and ice, Arctic and Antarctic oceanography, Numerical modeling},
year = {2001},
}


@article {Lipscomb07,
author = {Lipscomb, William H. and Hunke, Elizabeth C. and Maslowski, Wieslaw and Jakacki, Jaromir},
title = {{Ridging, strength, and stability in high-resolution sea ice models}},
journal = {Journal of Geophysical Research: Oceans},
volume = {112},
number = {C3},
issn = {2156-2202},
url = {http://dx.doi.org/10.1029/2005JC003355},
doi = {10.1029/2005JC003355},
keywords = {Modeling, Sea ice, Dynamics, Distribution, sea ice, ridging},
year = {2007},
note = {{C03S91}},
}
