mpas-ocean  bibliography file

These references are specifically for the mpas-ocean core.
See the mpas_shared.bib file for references pertaining to all cores.

%%%%%%%% mpas-ocean papers %%%%%%%%%

@unpublished{Ringler_ea13om,
author = {Ringler, TD and Petersen, MR and Higdon, R and Jacobsen, D and Jones, PW and Maltrud, M},
title = {{A Muliti-resolution Approach to Global Ocean Modeling}},
journal = {Ocean Modelling},
year = {2013},
note = "in press"
}


%%%%%%%% grid and numerics %%%%%%%%%
@unpublished{Ringler06unpub,
   author = {{Ringler}, T.~D.},
    title = "{Conservation of energy in viscous systems}",
   institution = {Los Alamos National Laboratory},
     year = 2006,
     month = "June"
}

@ARTICLE{Ringler_ea11mwr,
   author = {{Ringler}, T.~D. and {Jacobsen}, D. and {Gunzburger}, M. and 
	{Ju}, L. and {Duda}, M. and {Skamarock}, W.},
    title = "{Exploring a Multiresolution Modeling Approach within the Shallow-Water Equations}",
  journal = {Monthly Weather Review},
     year = 2011,
    month = nov,
   volume = 139,
    pages = {3348-3368},
      doi = {10.1175/MWR-D-10-05049.1},
   adsurl = {http://adsabs.harvard.edu/abs/2011MWRv..139.3348R},
  adsnote = {Provided by the SAO/NASA Astrophysics Data System}
}

%%%%%%%% advection schemes %%%%%%%%%

@ARTICLE{Skamarock_Gassmann11jcp,
   author = {{Skamarock}, W.~C. and {Gassmann}, A.},
    title = "{Conservative Transport Schemes for Spherical Geodesic Grids: High-Order Flux Operators for ODE-Based Time Integration}",
  journal = {Monthly Weather Review},
     year = 2011,
    month = sep,
   volume = 139,
    pages = {2962-2975},
      doi = {10.1175/MWR-D-10-05056.1},
   adsurl = {http://adsabs.harvard.edu/abs/2011MWRv..139.2962S},
  adsnote = {Provided by the SAO/NASA Astrophysics Data System}
}

%%%%%%%% test domains %%%%%%%%%

@ARTICLE{Ilicak_ea12om,
   author = {{Ilicak}, M. and {Adcroft}, A.~J. and {Griffies}, S.~M. and 
	{Hallberg}, R.~W.},
    title = "{Spurious dianeutral mixing and the role of momentum closure}",
  journal = {Ocean Modelling},
     year = 2012,
   volume = 45,
    pages = {37-58},
      doi = {10.1016/j.ocemod.2011.10.003},
   adsurl = {http://adsabs.harvard.edu/abs/2012OcMod..45...37I},
  adsnote = {Provided by the SAO/NASA Astrophysics Data System}
}

@book{Haidvogel_Beckmann99bk,
author="D.B. Haidvogel and A. Beckmann",
title="Numerical Ocean Circulation Modeling",
year=1999,
publisher="Imperial College Press",
address="London"}


@ARTICLE{Legg_ea06om,
   author = {{Legg}, S. and {Hallberg}, R.~W. and {Girton}, J.~B.},
    title = "{Comparison of entrainment in overflows simulated by z-coordinate, isopycnal and non-hydrostatic models}",
  journal = {Ocean Modelling},
     year = 2006,
   volume = 11,
    pages = {69-97}}


%%%%%%%% horizontal turbulence closures %%%%%%%%%

@article{Leith:1996wu,
author = {Leith, CE},
title = {{Stochastic models of chaotic systems}},
journal = {Physica D: Nonlinear Phenomena},
year = {1996},
volume = {98},
number = {2-4},
pages = {481--491} 
}

@article{Smagorinsky:1963wc,
author = {Smagorinsky, J.},
title = {{General circulation experiments with the primitive equations}},
journal = {Monthly Weather Review},
year = {1963},
volume = {91},
number = {3},
pages = {99--164}
}

@ARTICLE{Ringler_Gent11om,
  author = {{Ringler}, T.~D. and {Gent}, D.~A.},
  title = "{An eddy closure for potential vorticity}",
  journal = {Ocean Modelling},
  year = 2011,
   note="in press"
}

@article{FoKeMe2008,
author = {Fox-Kemper, B and Menemenlis, D.},
title = {{Can Large Eddy Simulation Techniques Improve Mesoscale-Rich Ocean Models?}},
journal = {Eddy resolving ocean models, Geophysical Monograph},
year = {2008},
volume = {177},
pages = {319--338}
}

@article{Hecht:2008vz,
author = {Hecht, M W and Hunke, E and Maltrud, M.~E. and Petersen, M R and Wingate, B.~A.},
title = {{Lateral mixing in the eddying regime and a new broad-ranging formulation}},
journal = {Eddy resolving ocean models, Geophysical Monograph},
year = {2008},
volume = {177},
pages = {339--352}
}

@article{PietarilaGraham:kBOrkdmk,
author = {Pietarila Graham, J. and Ringler, T},
title = {{A framework for the evaluation of turbulence closures used in mesoscale ocean large-eddy simulations}},
journal = {Ocean Modeling},
year = {2012},
number = {accepted}
}

@ARTICLE{Vallis_Hua88jas,
   author = {{Vallis}, G.~K. and {Hua}, B.-L.},
    title = "{Eddy viscosity of the anticipated potential vorticity method}",
  journal = {Journal of Atmospheric Sciences},
 keywords = {COMPUTATIONAL FLUID DYNAMICS, EDDY VISCOSITY, VORTICITY EQUATIONS, BAROCLINIC WAVES, BAROTROPIC FLOW, COMPUTATIONAL GRIDS, CONSERVATION LAWS, OCEAN DYNAMICS, PRIMITIVE EQUATIONS},
     year = 1988,
    month = feb,
   volume = 45,
    pages = {617-627},
      doi = {10.1175/1520-0469(1988)045<0617:EVOTAP>2.0.CO;2},
   adsurl = {http://adsabs.harvard.edu/abs/1988JAtS...45..617V},
  adsnote = {Provided by the SAO/NASA Astrophysics Data System}
}

%%%%%%%% vertical mixing %%%%%%%%%

@article{Pacanowski_Philander81jpo,
title="Parameterization of Vertical Mixing in Numerical Models of Tropical Oceans",
author="R.C. Pacanowski and S.G.H. Philander",
journal={J. Phys. Oceanography},
year=1981,
volume=11,
number=11,
pages="1443-1451"}

@article{Large:1994ua,
author = {Large, W G and McWilliams, J C and Doney, S C},
title = {{Oceanic vertical mixing: A review and a model with a nonlocal boundary layer parameterization}},
journal = {Reviews of Geophysics},
year = {1994},
volume = {32},
number = {4},
pages = {363--403}
}


%%%%%%%% vertical coordinates %%%%%%%%%

@ARTICLE{Adcroft_Campin04om,
   author = {{Adcroft}, A. and {Campin}, J.-M.},
    title = "{Rescaled height coordinates for accurate representation of free-surface flows in ocean circulation models}",
  journal = {Ocean Modelling},
     year = 2004,
   volume = 7,
    pages = {269-284},
      doi = {10.1016/j.ocemod.2003.09.003},
   adsurl = {http://adsabs.harvard.edu/abs/2004OcMod...7..269A},
  adsnote = {Provided by the SAO/NASA Astrophysics Data System}
}

@ARTICLE{Campin_ea04om,
   author = {{Campin}, J.-M. and {Adcroft}, A. and {Hill}, C. and {Marshall}, J.
	},
    title = "{Conservation of properties in a free-surface model}",
  journal = {Ocean Modelling},
     year = 2004,
   volume = 6,
    pages = {221-244},
      doi = {10.1016/S1463-5003(03)00009-X},
   adsurl = {http://adsabs.harvard.edu/abs/2004OcMod...6..221C},
  adsnote = {Provided by the SAO/NASA Astrophysics Data System}
}

@ARTICLE{Leclair_Madec11om,
   author = {{Leclair}, M. and {Madec}, G.},
    title = "{-Coordinate, an Arbitrary Lagrangian-Eulerian coordinate separating high and low frequency motions}",
  journal = {Ocean Modelling},
     year = 2011,
   volume = 37,
    pages = {139-152},
   adsurl = {http://adsabs.harvard.edu/abs/2011OcMod..37..139L},
  adsnote = {Provided by the SAO/NASA Astrophysics Data System}
}

@ARTICLE{Bernard_ea06od,
   author = {{Bernard}, B. and {Madec}, G. and {Penduff}, T. and {Molines}, J.-M. and 
	{Treguier}, A.-M. and {Le Sommer}, J. and {Beckmann}, A. and 
	{Biastoch}, A. and {B{\"o}ning}, C. and {Dengg}, J. and {Derval}, C. and 
	{Durand}, E. and {Gulev}, S. and {Remy}, E. and {Talandier}, C. and 
	{Theetten}, S. and {Maltrud}, M. and {McClean}, J. and {de Cuevas}, B.
	},
    title = "{Impact of partial steps and momentum advection schemes in a global ocean circulation model at eddy-permitting resolution}",
  journal = {Ocean Dynamics},
 keywords = {Global ocean, Eddy-permitting ocean model, Momentum advection scheme, Partial step topography, Eddy/topography interactions},
     year = 2006,
    month = dec,
   volume = 56,
    pages = {543-567},
      doi = {10.1007/s10236-006-0082-1},
   adsurl = {http://adsabs.harvard.edu/abs/2006OcDyn..56..543B},
  adsnote = {Provided by the SAO/NASA Astrophysics Data System}
}


%%%%%%%%%%%%% partial bottom cells %%%%%%%%%%

@ARTICLE{Adcroft_ea97mwr,
   author = {{Adcroft}, A. and {Hill}, C. and {Marshall}, J.},
    title = "{Representation of Topography by Shaved Cells in a Height Coordinate Ocean Model}",
  journal = {Monthly Weather Review},
     year = 1997,
   volume = 125,
    pages = {2293},
      doi = {10.1175/1520-0493(1997)125<2293:ROTBSC>2.0.CO;2},
   adsurl = {http://adsabs.harvard.edu/abs/1997MWRv..125.2293A},
  adsnote = {Provided by the SAO/NASA Astrophysics Data System}
}

@ARTICLE{Pacanowski_Gnanadesikan98mwr,
   author = {{Pacanowski}, R.~C. and {Gnanadesikan}, A.},
    title = "{Transient Response in a Z-Level Ocean Model That Resolves Topography with Partial Cells}",
  journal = {Monthly Weather Review},
     year = 1998,
   volume = 126,
    pages = {3248},
      doi = {10.1175/1520-0493(1998)126<3248:TRIAZL>2.0.CO;2},
   adsurl = {http://adsabs.harvard.edu/abs/1998MWRv..126.3248P},
  adsnote = {Provided by the SAO/NASA Astrophysics Data System}
}


%%%%%%%% time integration %%%%%

@ARTICLE{Higdon02jcp,
   author = {{Higdon}, R.~L.},
    title = "{A Two-Level Time-Stepping Method for Layered Ocean Circulation Models}",
  journal = {Journal of Computational Physics},
     year = 2002,
    month = mar,
   volume = 177,
    pages = {59-94},
      doi = {10.1006/jcph.2002.7003},
   adsurl = {http://adsabs.harvard.edu/abs/2002JCoPh.177...59H}}

@ARTICLE{Higdon05jcp,
   author = {{Higdon}, R.~L.},
    title = "{A two-level time-stepping method for layered ocean circulation models: further development and testing}",
  journal = {Journal of Computational Physics},
     year = 2005,
    month = jul,
   volume = 206,
    pages = {463-504},
      doi = {10.1016/j.jcp.2004.12.011},
   adsurl = {http://adsabs.harvard.edu/abs/2005JCoPh.206..463H}}

@article{Shchepetkin:2005wm,
author = {Shchepetkin, A F and McWilliams, J C},
title = {{The regional oceanic modeling system (ROMS): a split-explicit, free-surface, topography-following-coordinate oceanic model}},
journal = {Ocean Modelling},
year = {2005},
volume = {9},
number = {4},
pages = {347--404}
}

%%% equation of state %%%

@ARTICLE{Jackett_McDougall95jaot,
   author = {{Jackett}, D.~R. and {McDougall}, T.~J.},
    title = "{Minimal Adjustment of Hydrographic Profiles to Achieve Static Stability}",
  journal = {Journal of Atmospheric and Oceanic Technology},
     year = 1995,
    month = apr,
   volume = 12,
    pages = {381},
      doi = {10.1175/1520-0426(1995)012<0381:MAOHPT>2.0.CO;2},
   adsurl = {http://adsabs.harvard.edu/abs/1995JAtOT..12..381J},
  adsnote = {Provided by the SAO/NASA Astrophysics Data System}
}


%%% advection %%%

@article{Zalesak:1979wm,
author = {Zalesak, ST},
title = {{Fully multidimensional flux-corrected transport algorithms for fluids}},
journal = {Journal of Computational Physics},
year = {1979},
volume = {31},
number = {3},
pages = {335--362}
}

%%% mesoscale eddy closure %%%

@article{Ringler:2011hz,
author = {Ringler, Todd and Gent, Peter},
title = {{An eddy closure for potential vorticity}},
journal = {Ocean Modelling},
year = {2011},
volume = {39},
pages = {125--134}
}

@article{Gent_McWilliams90jpo,
author="Peter R. Gent and James C. {McW}illiams",
title="Isopycnal Mixing in Ocean Circulation Models",
journal={J. Phys. Oceanography},
year=1990,
volume=20,
number=1,
pages="150-155"}

@article{Gent_ea95jpo,
author="Peter R. Gent and Jurgen Willebrand and Trevor McDougall and James C. McWilliams",
title="Parameterizing eddy-induced tracer transports in ocean general circulation models",
journal={J. Phys. Oceanography},
year=1995,
volume=25,
number=25,
pages="463-474"}



%%% reference textbooks %%%

@book{Iserles96bk,
author="A. Iserles",
title="A first course in the numerical analysis of differential equations",
year=1996,
edition="first",
publisher="Cambridge University Press"}

@book{Kundu_ea12bk,
author="P. K. Kundu and I. M. Cohen and D. R. Dowling",
title="Fluid Mechanics",
year=2012,
edition="Fifth",
publisher="Academic Press"}


%%%%%% IC and forcing %%%%%%%%

@webpage{Large:2004ug,
author = {Large, W G and Yeager, SG},
title = {{Diurnal to Decadal Global Forcing For Ocean and Sea-Ice Models:The Data Sets and Flux Climatologies}},
year = {2004}
}

@article{Gouretski:2004wv,
author = {Gouretski, V and Koltermann, K P},
title = {{WOCE global hydrographic climatology}},
journal = {Berichte des BSH},
year = {2004},
volume = {35},
pages = {1--52}
}

